@article{Djukanovic1995,
    author = {{Djukanovic}, M. and Ruzic, S. and Babic, B. and Sobajic, D.J. and Pao, Y-H.},
    title = {A neural-net based short term load forecasting using moving window procedure},
    journal = {Electrical Power & Energy Systems},
    year = {1995},
    volume = {17},
    number = {6},
    pages = {391-397}
}

@article{Berk2018,
    author = {{Berk}, K. and Hoffmann, A. and Muller, A.},
    title = {Probabilistic forecasting of industrial electricity load with regime switching behavior},
    journal = {International Journal of Forecasting},
    year = {2018},
    volume = {34},
    number = {2},
    pages = {147-162}
}

@article{KavousiFard2014,
    author = {{Kavousi-Fard}, A. and Samet, H. and Marzbani, F.},
    title = {A new hybrid modified firefly algorithm and support vector regression model for accurate short term load forecasting},
    journal = {Expert Systems with Applications},
    year = {2014},
    volume = {41},
    number = {13},
    pages = {6047-6056}
}

@article{Dong2021,
    author = {{Dong}, Y. and Ma, X. and Fu, T.},
    title = {Electrical load forecasting: A deep learning approach based on K-nearest neighbors},
    journal = {Applied Soft Computing},
    year = {2021},
    volume = {99},
}

@article{Yalcinoz2005,
    author = {{Yalcinoz}, T. and Eminoglu, U.},
    title = {Short term and medium term power distribution load forecasting by neural networks},
    journal ={Energy Conservation and Management},
    year = {2005},
    volume = {46},
    number = {9=10},
    pages = {1393-1405}
}

@article{Singh2013,
    author = {{Singh}, A.K. and Khatoon, S. and Muazzam, M.},
    title = {An Overview of Electricity Demand Forecasting Techniques},
    journal = {Network and Complex Systems},
    year = {2013},
    volume = {3},
    number = {2},
    pages = {38-49}
}

@article{Raza2015,
    author = {{Raza}, M.Q. and Khosravi, A.},
    title = {A review on artificial intelligence based load demand forecasting techniques for smart grid and buildings},
    journal = {Renewable and Sustainable Energy Reviews},
    year = {2015},
    volume = {50},
    pages = {1352-1372}
}

@article{Chandra2021,
    author = {{Chandra}, R. and Goyal, S. and Rishabh, G.},
    title = {Evaluation of deep learning models for multi-step ahead time series prediction},
    journal = {IEEE Access},
    year = {2021},
    volume = {9},
    pages = {83105 - 83123}
}

@article{Yazici2022,
    author = {{Yazici}, I. and Beyca, O.M. and Delen, D.},
    title = {Deep-learning-based short-term electricity load forecasting: A real case application},
    journal = {Engineering Applications of Artificial Intelligence},
    year = {2022},
    volume = {109}
}

@article{Wang2019,
    author = {{Wang}, S. and Wang, X. and Wang, S. and Wang, D.},
    title = {Bi-directional long short-term memory method based on attention mechanism and rolling update for short-term load forecasting},
    journal = {Electrical Power and Energy Systems},
    year = {2019},
    volume = {109},
    pages = {470-479}
}

@book{ElHawary2017,
    author = {{El-Hawary}, M.E.},
    title = {Advances in electric power and energy systems : load and price forecasting},
    publisher = {Wiley},
    year = {2017},
    edition = {1}
}

@article{Yu2019,
    author = {{Yu}, Y. and Si, X. and Hu, C. and Zhang, J.},
    title = {A Review of Recurrent Neural Networks: {LSTM} Cells and Network Architectures},
    journal = {Neural Computation},
    year = {2019},
    volume = {31},
    number = {7},
    pages = {1235–1270}
}

@inproceedings{Dudek2013,
    author = {{Dudek}, G.},
    title = {Forecasting Time Series with Multiple Seasonal Cycle using Neural Networks with Local Learning},
    booktitle = {Artificial Intelligence and Soft Computing},
    year = {2013},
    publisher= {Springer Berlin Heidelberg},
    pages = {52-63}
}

@article{Dudek2019,
    author = {{Dudek}, G.},
    title = {Multilayer perceptron for short-term load forecasting: from global to local approach},
    journal = {Neural Computing and Applications},
    year = {2019},
    volume = {32},
    pages = {3695–3707}
}

@masterthesis{Csaji2001,
    author = {{Csaji}, B.C.},
    title = {Approximation with artificial neural networks},
    institution = {Etvs Lornd University, Hungary},   
    school = {Faculty of Sciences},
    year = {2001},
    volume = {24},
    pages = {7},
}

@article{Hippert2001,
    author = {{Hippert}, H.S. and Pedreira, C.E. and Souza R.C.},
    title = {Neural networks for short-term load forecasting: a review and evaluation},
    journal = {IEEE TRANSACTIONS ON POWER SYSTEMS},
    year = {2001},
    volume = {16},
    number = {1},
}

@proceedings{Kalchbrenner2017,
    author = {{Kalchbrenner}, N. and van den Oord, A. and Simonyan, K. and Danilhelka, I. and Vinyas, O. and Graves, A. and Kavukcuoglu, K.},
    title = {Proceedings of the 34 th International Conference on Machine Learning, Sydney, Australia},
    year = {2017}
}

@article{Czernichow1996,
    author = {{Czernichow}, T. and Piras, A. and Imhof,  K. and Caire, P. and Jaccard,  Y. and Dorizzi,  B. and Germond, A.},
    title = {Short term electrical load forecasting with artificial neural networks},
    journal = {Engineering Intelligent Systems},
    year = {1996},
    volume = {2},
    pages = {85–99}
}

@article{Gasparin2021,
    author = {{Gasparin}, A. and Lukovic, S. and Alippi, C.},
    title = {Deeplearning for time seriesforecasting:The electricload case},
    journal = {CAAI Transactions on Intelligence Technology},
    year = {2021},
    volume = {7},
    number = {1},
    pages = {1-25},
}

@article{Park1991,
    author = {{Park}, D.C. and El-Sharkawi, M.A. and Marks, R.J. and Atlas, L.E. and Damborg, M.J.},
    title = {Electric Load Forecasting Using An Artificial Neural Network},
    journal = {IEEE Transactions on Power Engineering},
    year = {1991},
    volume = {6},
    pages = {442-449},
}

@article{Srinivasan1994,
    author = {{Srinivasan}, D. and Liew, A.C. and Chang, C.S.},
    title = {A neural network short-term load forecaster},
    journal = {Electric Power Systems Research,},
    year = {1994},
    pages = {227-234},
    volume = {28}
}

@article{Chen2018,
    author = {{Chen}, K. and Chen, K. and Wang, Q. and He, Z. and Hu, J},
    title = {Short-term Load Forecasting with Deep Residual Networks},
    journal = {IEEE Transmission Smart Grid},
    year = {2018},
    volume = {10},
    pages = {3943–3952},
    number {4}
}

@article{Hewamalage2020,
    author = {{Hewamalage}, H. and Bergmeir, C. and Bandara, K.},
    title = {Recurrent Neural Networks for Time Series Forecasting: Current Status
and Future Directions},
    journal = {International Journal of Forecasting},
    year = {2020},
    volume = {37},
    number = {1},
    pages = {388-427}
}

@techreport{Smith2015,
    author = {{Smith}, L.N.},
    title = {No more pesky learning rate guessing games},
    institution = {US Naval Research Laboratory},
    year = {2015}
}

@conference{Smith2017,
    author = {{Smith}, L.N.},
    key = {Applications of Computer Vision (WACV)},
    title = {Cyclical learning rates for training neural networks},
    year = {2017},
    pages = {464–472}
}

@techreport{Smith2018,
    author ={{Smith}, L.N.},
    title = {A disciplined approach to neural network hyper-parameters: Part 1 - learning rate, batch size, momentum, and weight decay}, 
    institution = {US Naval Research Laboratory},
    year = {2018}
}

@inproceedings{SmithTopin2019,
  title={Super-convergence: Very fast training of neural networks using large learning rates},
  author={{Smith}, L.N. and Topin, N.},
  booktitle={Artificial intelligence and machine learning for multi-domain operations applications},
  volume={11006},
  pages={369-386},
  year={2019},
  organization={SPIE}
}

@article{Schuster1997,
    author = {{Schuster}, M. and Paliwal, K.K.},
    title = {Bidirectional Recurrent Neural Networks},
    journal = {IEEE Transactions on Signal Processing},
    year = {1997},
    volume = {45},
    number = {11},
    pages = {2673-2681}
}

@article{Hoori2019,
  title={Electric load forecasting model using a multicolumn deep neural networks},
  author={{Hoori}, A.O. and Al Kazzaz, A. and Khimani, R. and Motai, Y. and Aved, A.J.},
  journal={IEEE Transactions on Industrial Electronics},
  volume={67},
  number={8},
  pages={6473--6482},
  year={2019},
  publisher={IEEE}
}

@article{Mohammad2018,
  title={Short term load forecasting using deep neural networks},
  author={{Mohammad}, F and Lee, K.B. and Kim, Y-C},
  journal={arXiv preprint arXiv:1811.03242},
  year={2018}
}

@article{Mandal2006,
  author = {{Mandal}, P. and Senjyu, T. and Urasaki, N. and Funabashi, T.},
  title = {A neural network based several-hour-ahead electric load forecasting using similar days approach},
  journal = {International Journal of Electrical Power & Energy Systems},
  volume = {28},
  number = {6},
  pages = {367-373},
  year = {2006}
}

@proceedings{LeCun1998,
    author = {{Lecun}, Y. and Bottou, L. and Bengio, Y. and Haffner, P.},
    title = {Handwritten digit recognition with a back-propagation network},
    journal = {Proc. Adv. Neural Inf. Process. Syst.},
    year = {1990},
    volume = {86},
    number = {11},
    pages = {2278-2324}
}

@proceedings{LeCun1990,
    author = {{Lecun}, Y. and Bottou, L. and Bengio, Y. and Haffner, P.},
    title = {Gradient-based learning applied to document recognition},
    journal = {Proc. IEEE},
    year = {1990},
    volume = {86},
    number = {11},
    pages = {2278-2324}
}

@article{Wang2017,
title = {Deep learning based ensemble approach for probabilistic wind power forecasting},
journal = {Applied Energy},
volume = {188},
pages = {56-70},
year = {2017},
author = {Huai-zhi {Wang}, H-Z and Li, G-Q and Wang, G-B and Peng, G-P and Jiang, H. and Liu, Y-T},
}

@article{Shi2015,
  title={Convolutional LSTM network: A machine learning approach for precipitation nowcasting},
  author={{Shi}, X. and Chen, Z. and Wang, H. and Yeung, D-Y and Wong, W-K and Woo, W-C},
  journal={Advances in neural information processing systems},
  volume={28},
  year={2015}
}

@article{Din2017,
    author = {{Din}, G.M.U. and Marnerides, A.K.},
    title = {Short term power load forecasting using deep neural networks},
    journal = {International Conference on Computing, Networking and Communications (ICNC)},
    year = {2017},
    pages = {594–598}
}

@article{Hinton2006,
  title={A fast learning algorithm for deep belief nets},
  author={Hinton, G.E. and Osindero, S. and Teh, Y.W.},
  year={2006},
  journal = {Neural Computation},
  volume = {18},
  pages = {1527-1554}
}

@article{Wang2016,
  title={Financial time series prediction using elman recurrent random neural networks},
  author={Wang, J. and Wang, J. and Fang, W. and Niu, Ho. and others},
  journal={Computational intelligence and neuroscience},
  year={2016},
  publisher={Hindawi}
}

@article{Hochreiter1997,
  title={Long short-term memory},
  author={Hochreiter, S. and Schmidhuber, J.},
  journal={Neural computation},
  volume={9},
  number={8},
  pages={1735-1780},
  year={1997},
  publisher={MIT press}
}

@article{DeCian2007,
    author = {De Cian, Enrica and Lanzi, Elisa and Roson, Roberto},
    title = {The Impact of Temperature Change on Energy Demand: A Dynamic Panel Analysis},
    journal = {FEEM Working Paper No. 46.2007, University Ca' Foscari of Venice, Dept. of Economics Research Paper Series No. 04-2007},
    year = {2007},
    month = {April}
}

@article{Hoque2021,
    author ={Gifari Hoque},
    title = {A Better Way to Handle Missing Values in your Dataset: Using IterativeImputer (PART I)},
    journal = {Towards Data Science},
    year = 2021
}

@article{LoDuca2021,
    author = {Angelica Lo Duca},
    title = {Make Your Machine Learning Model Work Better with DateTime Features},
    journal = {Towards Data Science},
    year = 2022
}

@book{Ng2018,
    author = {{Ng}, A.},
    title = {Machine Learning Yearning},
    publisher = {Andrew Ng},
    year = {2018},
}

@book{hyndman2018,
  title={Forecasting: Principles and Practice},
  author={Hyndman, Rob J and Athanasopoulos, George},
  year={2018},
  publisher={OTexts}
}