@article{Djukanovic1995,
    author = {{Djukanovic}, M. and Ruzic, S. and Babic, B. and Sobajic, D. J. and Pao, Y-H.},
    title = {A neural-net based short term load forecasting using moving window procedure},
    journal = {Electrical Power & Energy Systems},
    year = {1995},
    volume = {17},
    number = {6},
    pages = {391-397}
}

@article{Berk2018,
    author = {{Berk}, K. and Hoffmann, A. and Muller, A.},
    title = {Probabilistic forecasting of industrial electricity load with regime switching behavior},
    journal = {International Journal of Forecasting},
    year = {2018},
    volume = {34},
    number = {2},
    pages = {147-162}
}

@article{KavousiFard2014,
    author = {{Kavousi-Fard}, A. and Samet, H and Marzbani, F.},
    title = {A new hybrid modified firefly algorithm and support vector regression model for accurate short term load forecasting},
    journal = {Expert Systems with Applications},
    year = {2014},
    volume = {41},
    number = {13},
    pages = {6047-6056}
}

@article{Dong2021,
    author = {{Dong}, Y. and Ma, X. and Fu, T.},
    title = {Electrical load forecasting: A deep learning approach based on K-nearest neighbors},
    journal = {Applied Soft Computing},
    year = {2021},
    volume = {99},
}

@article{Yalcinoz2005,
    author = {{Yalcinoz}, T. and Eminoglu, U.},
    title = {Short term and medium term power distribution load forecasting by neural networks},
    journal ={Energy Conservation and Management},
    year = {2005},
    volume = {46},
    number = {9=10},
    pages = {1393-1405}
}

@article{Singh2013,
    author = {{Singh}, A. K. and Khatoon, S. and Muazzam, M.},
    title = {An Overview of Electricity Demand Forecasting Techniques},
    journal = {Network and Complex Systems},
    year = {2013},
    volume = {3},
    number = {2},
    pages = {38-49}
}

@article{Raza2015,
    author = {{Raza}, M. Q. and Khosravi, A.},
    title = {A review on artificial intelligence based load demand forecasting techniques for smart grid and buildings},
    journal = {Renewable and Sustainable Energy Reviews},
    year = {2015},
    volume = {50},
    pages = {1352-1372}
}

@article{Chandra2021,
    author = {{Chandra}, R. and Goyal, S. and Rishabh, G.},
    title = {Evaluation of deep learning models for multi-step ahead time series prediction},
    journal = {IEEE Access},
    year = {2021},
    volume = {9},
    pages = {83105 - 83123}
}

@article{Yazici2022,
    author = {{Yazici}, I. and Beyca, O. M. and Delen, D.},
    title = {Deep-learning-based short-term electricity load forecasting: A real case application},
    journal = {Engineering Applications of Artificial Intelligence},
    year = {2022},
    volume = {109}
}

@article{Wang2019,
    author = {{Wang}, S. and Wang, X. and Wang, S. and Wang, D.},
    title = {Bi-directional long short-term memory method based on attention mechanism and rolling update for short-term load forecasting},
    journal = {Electrical Power and Energy Systems},
    year = {2019},
    volume = {109},
    pages = {470-479}
}

@book{ElHawary2017,
    author = {{El-Hawary}, M.E.},
    title = {Advances in electric power and energy systems : load and price forecasting},
    publisher = {Wiley},
    year = {2017},
    edition = {1}
}

@article{Yu2019,
    author = {{Yu}, Y. and Si, X. and Hu, C. and Zhang, J.},
    title = {A Review of Recurrent Neural Networks: {LSTM} Cells and Network Architectures},
    journal = {Neural Computation},
    year = {2019},
    volume = {31},
    number = {7},
    pages = {1235–1270}
}

@book{tufte,
    author = {{Tufte}, E.R.},
    title = {The Visual Display of Quantitative Information},
    publisher = {Graphics Press},
    year = {1983},
    address = {Cheshire, CT, USA}
}

@article{Smith2018,
  title={A Disciplined approach to Neural Network Hyper-Parameters: Part 1 –Learning Rate, Batch Size, Momentum, and Weight Decay},
  author={Smith, Leslie N},
  journal={arXiv preprint arXiv:1803.09820},
  year={2018}
}